[gd_scene load_steps=2 format=2]

[ext_resource path="res://assets/track_items/crates/crate.tscn" type="PackedScene" id=1]

[node name="crate_stack" type="Spatial"]
transform = Transform( 1, 0, 0, 0, 1, 0, 0, 0, 1, -74.2652, -0.496889, 5.84224 )

[node name="crate" type="RigidBody" parent="." instance=ExtResource( 1 )]
mass = 0.102041

[node name="crate2" type="RigidBody" parent="." instance=ExtResource( 1 )]
transform = Transform( 1, 0, 0, 0, 1, 0, 0, 0, 1, 0, 0, 1.08211 )
mass = 0.102041

[node name="crate3" type="RigidBody" parent="." instance=ExtResource( 1 )]
transform = Transform( 1, 0, 0, 0, 1, 0, 0, 0, 1, 0, 0, 2.17937 )
mass = 0.102041

[node name="crate4" type="RigidBody" parent="." instance=ExtResource( 1 )]
transform = Transform( 1, 0, 0, 0, 1, 0, 0, 0, 1, 0, 0, 3.26304 )
mass = 0.102041

[node name="crate6" type="RigidBody" parent="." instance=ExtResource( 1 )]
transform = Transform( 1, 0, 0, 0, 1, 0, 0, 0, 1, 0, 1.08259, -0.529097 )
mass = 0.102041

[node name="crate7" type="RigidBody" parent="." instance=ExtResource( 1 )]
transform = Transform( 1, 0, 0, 0, 1, 0, 0, 0, 1, 0, 1.08259, 0.553011 )
mass = 0.102041

[node name="crate8" type="RigidBody" parent="." instance=ExtResource( 1 )]
transform = Transform( 1, 0, 0, 0, 1, 0, 0, 0, 1, 0, 1.08259, 1.65027 )
mass = 0.102041

[node name="crate9" type="RigidBody" parent="." instance=ExtResource( 1 )]
transform = Transform( 1, 0, 0, 0, 1, 0, 0, 0, 1, 0, 1.08259, 2.73394 )
mass = 0.102041

[node name="crate10" type="RigidBody" parent="." instance=ExtResource( 1 )]
transform = Transform( 1, 0, 0, 0, 1, 0, 0, 0, 1, 0, 2.19985, 0.0995693 )
mass = 0.102041

[node name="crate11" type="RigidBody" parent="." instance=ExtResource( 1 )]
transform = Transform( 1, 0, 0, 0, 1, 0, 0, 0, 1, 0, 2.19985, 1.19683 )
mass = 0.102041

[node name="crate12" type="RigidBody" parent="." instance=ExtResource( 1 )]
transform = Transform( 1, 0, 0, 0, 1, 0, 0, 0, 1, 0, 2.19985, 2.2805 )
mass = 0.102041

[node name="crate13" type="RigidBody" parent="." instance=ExtResource( 1 )]
transform = Transform( 1, 0, 0, 0, 1, 0, 0, 0, 1, 0, 3.34903, 0.786034 )
mass = 0.102041

[node name="crate14" type="RigidBody" parent="." instance=ExtResource( 1 )]
transform = Transform( 1, 0, 0, 0, 1, 0, 0, 0, 1, 0, 3.34903, 1.86971 )
mass = 0.102041

[node name="crate5" type="RigidBody" parent="." instance=ExtResource( 1 )]
transform = Transform( 1, 0, 0, 0, 1, 0, 0, 0, 1, 0, 0, -1.0861 )
mass = 0.102041
